<?xml version="1.0" encoding="UTF-8"?><collection xmlns="http://www.loc.gov/MARC21/slim"><record><leader>00517nam--2200181-u-4500</leader><controlfield tag="001">000054406</controlfield><controlfield tag="002">20161230</controlfield><controlfield tag="005">20161230201051</controlfield><controlfield tag="008">111207s1000------------r-----000-0-fre-d</controlfield><datafield ind1=" " ind2=" " tag="040"><subfield code="a">IFIN-HH</subfield></datafield><datafield ind1=" " ind2=" " tag="041"><subfield code="a">fre</subfield></datafield><datafield ind1=" " ind2=" " tag="080"><subfield code="a">539.12.162.8:539.122(043)</subfield></datafield><datafield ind1="1" ind2=" " tag="100"><subfield code="a">Carimalo, Christian</subfield></datafield><datafield ind1="1" ind2="0" tag="245"><subfield code="a">Les noyaux comme generateurs de photons quasi-reels</subfield><subfield code="b">These</subfield><subfield code="c">Christian carimalo</subfield></datafield><datafield ind1=" " ind2=" " tag="260"><subfield code="a">Paris</subfield><subfield code="b">Univeriste Pierre Et Marie Curie</subfield><subfield code="c">1977</subfield></datafield><datafield ind1=" " ind2=" " tag="300"><subfield code="a">183P</subfield></datafield><datafield ind1=" " ind2=" " tag="852"><subfield code="a">48526</subfield><subfield code="c">539.12</subfield></datafield><datafield ind1=" " ind2=" " tag="CAT"><subfield code="a">Sys</subfield><subfield code="c">20111207</subfield><subfield code="h">132535</subfield></datafield></record></collection>